@techreport{BRA-EUR-2019-2022,
  title = {Brazil/{{Europe Comparison}} of {{Operational ANS Performance}}},
  author = {{DECEA Performance Section} and {EUROCONTROL Performance Review Unit}},
  year = {2022},
  month = oct,
  url = {https://ansperformance.eu/global/brazil/bra-eur/}
}

@inproceedings{christien_2017,
  title = {Toward the Characterisation of Sequencing Arrivals},
  booktitle = {12th {{USA}}/{{Europe}} Air Traffic Management {{R}}\&{{D}} Seminar, Seattle, {{USA}}},
  author = {Christien, Rapha{\"e}l and Hoffman, Eric and Trzmiel, Aymeric and Zeghal, Karim},
  year = {2017}
}

@inproceedings{christien_spacing_2019,
  title = {Spacing and Pressure to Characterise Arrival Sequencing},
  booktitle = {Thirteenth {{USA}}/{{Europe}} Air Traffic Management Research and Development Seminar ({{ATM2019}}), Vienna, Austria},
  author = {Christien, Rapha{\"e}l and Hoffman, Eric and Zeghal, Karim},
  year = {2019}
}

@article{diana2021caputilisation,
  title = {Doing More with Less: {{An}} Assessment of Capacity Utilisation Using Stochastic Frontier and Spectral Analysis Models in the Case of {{Atlanta Hartsfield-Jackson International Airport}}},
  author = {Diana, Tony},
  year = {2021},
  journal = {Journal of Airport Management},
  volume = {16},
  number = {1},
  pages = {87--104},
  publisher = {Henry Stewart Publications}
}

@inproceedings{erietal2020arrivalprocess,
  title = {Devising Strategies for Aircraft Arrival Processes via Distance-Based Queuing Models},
  author = {Eri, Itoh and Schultz, Michael and Srinivas, Athota and Duong, Vu},
  year = {2020},
  url = {https://www.sesarju.eu/sites/default/files/documents/sid/2020/papers/SIDs_2020_paper_24red.pdf}
}

@article{erzberger2016algorithmsTBOdeconflict,
  title = {Algorithms for Control of Arrival and Departure Traffic in Terminal Airspace},
  author = {Erzberger, Heinz and Nikoleris, Tasos and Paielli, Russell A and Chu, Yung-Cheng},
  year = {2016},
  journal = {Proceedings of the Institution of Mechanical Engineers, Part G: Journal of aerospace engineering},
  volume = {230},
  number = {9},
  pages = {1762--1779},
  publisher = {SAGE Publications Sage UK: London, England}
}

@misc{ganp_kpi_catalogue,
  title = {Key {{Performance Indicators}}, {{Global Air Navigation Plan}}},
  author = {{ICAO}},
  year = {2023},
  url = {https://www4.icao.int/ganpportal/ASBU/KPI}
}

@book{icao_doc4444_2016,
  title = {{{ICAO Doc}} 4444 {{ATM}}/501, {{Air Traffic Management}}, {{Procedures}} for {{Air Navigation Services}} - {{Air Traffic Management}}},
  author = {{ICAO}},
  year = {2016},
  series = {Doc 4444 - {{PANS-ATM}}},
  edition = {Sixteenth Edition},
  publisher = {International Civil Aviation Organization},
  address = {Montreal, Canada}
}

@techreport{icao2022,
  title = {Resolution {{A41-21}}: {{Consolidated}} Statement of Continuing {{ICAO}} Policies and Practices Related to Environmental Protection --- {{Climate}} Change},
  author = {{ICAO}},
  year = {2022},
  url = {https://www.icao.int/environmental-protection/Documents/Assembly/Resolution_A41-21_Climate_change.pdf}
}

@inproceedings{itoh2017TBO,
  title = {Future Arrival Management Collaborating with Trajectory-Based Operations},
  booktitle = {Air Traffic Management and Systems {{II}}: {{Selected}} Papers of the 4th {{ENRI}} International Workshop, 2015},
  author = {Itoh, E and Brown, M and Senoguchi, A and Wickramasinghe, N and Fukushima, S},
  year = {2017},
  pages = {137--156},
  publisher = {Springer}
}

@inproceedings{lemetti2020impactarrivalefficiency,
  title = {Identification of Significant Impact Factors on {{Arrival Flight Efficiency}} within {{TMA}}},
  author = {Lemetti, Anastasia and Polishchuk, Tatiana and Polishchuk, Valentin and S{\'a}ez Garc{\'i}a, Ra{\'u}l and Prats Men{\'e}ndez, Xavier},
  year = {2020},
  pages = {1--8}
}

@article{mondoloni2020TBOpredictiondeconflict,
  title = {Aircraft Trajectory Prediction and Synchronization for Air Traffic Management Applications},
  author = {Mondoloni, St{\'e}phane and Rozen, Nicholas},
  year = {2020},
  journal = {Progress in aerospace sciences},
  volume = {119},
  pages = {100640},
  publisher = {Elsevier}
}

@misc{olive2022datatrajectories,
  title = {Arrival Trajectories at Five Major {{European}} Airports},
  author = {Olive, Xavier and Basora, Luis and Sun, Junzi},
  year = {2022-08-08, 2022-08},
  publisher = {4TU.ResearchData},
  doi = {10.4121/20411868.V1},
  url = {https://data.4tu.nl/articles/_/20411868/1}
}

@article{olive2023envarrefficiency,
  title = {Environmental Inefficiencies for Arrival Flights at {{European}} Airports},
  author = {Olive, Xavier and Sun, Junzi and Basora, Luis and Spinielli, Enrico},
  year = {2023},
  journal = {Plos one},
  volume = {18},
  number = {6},
  pages = {e0287612},
  publisher = {Public Library of Science San Francisco, CA USA}
}

@techreport{prr_2022,
  title = {Performance {{Review Report}}, {{An}} Assessment of {{Air Traffic Management}} in {{Europe}} during the Calendar Year 2022},
  author = {{PRU EUROCONTROL}},
  year = {2023},
  month = apr,
  url = {https://www.eurocontrol.int/publication/performance-review-report-prr-2022}
}

@article{rodriguez2021rwyscheduling,
  title = {Tactical Runway Scheduling for Demand and Delay Management},
  author = {{Rodr{\'i}guez-Sanz}, {\'A}lvaro and Valdes, Rosa Maria M Arnaldo and {P{\'e}rez-Cast{\'a}n}, Javier A and C{\'o}zar, Pablo L{\'o}pez and Comendador, Victor Fernando G{\'o}mez},
  year = {2021},
  journal = {Aircraft Engineering and Aerospace Technology},
  volume = {94},
  number = {1},
  pages = {2--13},
  publisher = {Emerald Publishing Limited}
}

@inproceedings{schaefer_osn_2014,
  title = {Bringing {{Up OpenSky}}: {{A Large-Scale ADS-B Sensor Network}} for {{Research}}},
  booktitle = {13th {{IEEE}}/{{ACM International Symposium}} on {{Information Processing}} in {{Sensor Networks}} ({{IPSN}})},
  author = {Sch{\"a}fer, Matthias and Strohmeier, Martin and Linders, Vincent and Martinovic, Ivan and Wilhelm, Matthias},
  year = {2014},
  month = apr,
  pages = {83--94}
}

@inproceedings{schafer_osn_2014,
  title = {Bringing {{Up OpenSky}}: {{A Large-scale ADS-B Sensor Network}} for {{Research}}},
  booktitle = {13th {{IEEE}}/{{ACM International Symposium}} on {{Information Processing}} in {{Sensor Networks}} ({{IPSN}})},
  author = {Sch{\"a}fer, Matthias and Strohmeier, Martin and Linders, Vincent and Martinovic, Ivan and Wilhelm, Matthias},
  year = {2014},
  month = apr,
  pages = {83--94},
  keywords = {COVID19-air-traffic}
}

@techreport{SESARConsortium2007ATMTargetConcept,
  title = {The {{ATM Target Concept}}, {{SESAR Definition Phase}} - {{Deliverable}} 3},
  author = {{SESAR Consortium}},
  year = {2007},
  number = {DLM-0612-001-02-00},
  address = {Brussels, Belgium.}
}

@phdthesis{smetanova2020spacdevarlanda,
  title = {Evaluation of Arrival Sequencing at Arlanda Airport},
  author = {Smetanov{\'a}, Lucie},
  year = {2020},
  url = {http://liu.diva-portal.org/smash/record.jsf?pid=diva2%3A1458291&dswid=-7875},
  school = {Link{\"o}ping University}
}

@article{tee2018modellingrwycap,
  title = {Modelling and Simulation Studies of the Runway Capacity of {{Changi Airport}}},
  author = {Tee, {\relax YY} and Zhong, Zhao Wei},
  year = {2018},
  journal = {The Aeronautical Journal},
  volume = {122},
  number = {1253},
  pages = {1022--1037},
  publisher = {Cambridge University Press}
}

@article{wilken2011empiricalcaputilisation,
  title = {New Empirical Evidence on Airport Capacity Utilisation: {{Relationships}} between Hourly and Annual Air Traffic Volumes},
  author = {Wilken, Dieter and Berster, Peter and Gelhausen, Marc C},
  year = {2011},
  journal = {Research in Transportation Business \& Management},
  volume = {1},
  number = {1},
  pages = {118--127},
  publisher = {Elsevier}
}

@inproceedings{eri2020arrivalprocess,
	title = {Devising strategies for aircraft arrival processes via distance-based queuing models},
	author = {Eri, Itoh and Schultz, Michael and Srinivas, Athota and Duong, Vu},
	year = {2020},
	date = {2020},
	url = {https://www.sesarju.eu/sites/default/files/documents/sid/2020/papers/SIDs_2020_paper_24red.pdf},
	note = {citation key: erietal2020arrivalprocess}
}
